%% This BibTeX bibliography file was created using BibDesk.
%% http://bibdesk.sourceforge.net/


%% Created for DÃ¡rio Nascimento at 2014-05-23 13:45:47 +0100 


%% Saved with string encoding Unicode (UTF-8) 



@webpage{nistNVD,
	Date-Added = {2014-05-23 12:44:59 +0000},
	Date-Modified = {2014-05-23 12:45:42 +0000},
	Title = {National Vulnerability Database},
	Url = {http://nvd.nist.gov}}

@webpage{spring,
	Date-Added = {2014-05-06 09:03:29 +0000},
	Date-Modified = {2014-05-06 09:04:16 +0000},
	Title = {Spring},
	Url = {http://spring.io/},
	Bdsk-Url-1 = {http://spring.io/}}

@webpage{googleCloudPlatform,
	Date-Added = {2014-05-06 09:02:24 +0000},
	Date-Modified = {2014-05-06 12:24:56 +0000},
	Title = {Google Cloud Platform},
	Url = {https://cloud.google.com},
	Bdsk-Url-1 = {https://cloud.google.com}}

@webpage{linkedin,
	Date-Added = {2014-05-06 08:52:04 +0000},
	Date-Modified = {2014-05-06 08:56:24 +0000},
	Title = {LinkedIn},
	Url = {http://linkedin.com},
	Bdsk-Url-1 = {http://linkedin.com}}

@webpage{yahooAnswers,
	Date-Modified = {2014-05-06 08:56:33 +0000},
	Title = {Yahoo Answers},
	Url = {https://answers.yahoo.com/},
	Bdsk-Url-1 = {https://answers.yahoo.com/}}

@webpage{stackoverflow,
	Date-Modified = {2014-05-06 08:56:40 +0000},
	Title = {Stack Overflow},
	Url = {http://stackoverflow.com/},
	Bdsk-Url-1 = {http://stackoverflow.com/}}

@webpage{eucalyptus,
	Date-Modified = {2014-05-06 08:56:50 +0000},
	Title = {Eucalyptus},
	Url = {https://www.eucalyptus.com/},
	Bdsk-Url-1 = {Eucalyptus:%20https://www.eucalyptus.com/}}

@webpage{aws,
	Date-Modified = {2014-05-06 08:57:23 +0000},
	Title = {Amazon Web Services},
	Url = {http://aws.amazon.com/},
	Bdsk-Url-1 = {AWS%20EC2:%20https://aws.amazon.com/pt/ec2/}}

@webpage{openstack,
	Date-Modified = {2014-05-06 08:57:50 +0000},
	Title = {openstack},
	Url = {https://www.openstack.org/},
	Bdsk-Url-1 = {openstack:%20https://www.openstack.org/}}

@webpage{xen,
	Date-Modified = {2014-05-06 08:58:00 +0000},
	Title = {Xen},
	Url = {http://www.xenserver.org/},
	Bdsk-Url-1 = {Xen:%20http://www.xenserver.org/}}

@webpage{kvm,
	Date-Modified = {2014-05-06 08:58:11 +0000},
	Title = {KVM},
	Url = {http://www.linux-kvm.org/},
	Bdsk-Url-1 = {KVM:%20http://www.linux-kvm.org/}}

@book{git,
	Author = {S. Chacon},
	Publisher = {Apress},
	Title = {Pro Git},
	Year = {2009}}

@webpage{AmazonElasticBeanstalk,
	Date-Modified = {2014-05-06 12:13:44 +0000},
	Title = {Amazon Elastic Beanstalk},
	Url = {http://aws.amazon.com/pt/elasticbeanstalk/},
	Bdsk-Url-1 = {http://aws.amazon.com/pt/elasticbeanstalk/}}

@online{ApacheStratos,
	Url = {http://stratos.incubator.apache.org/},
	Bdsk-Url-1 = {http://stratos.incubator.apache.org/}}

@webpage{OpenShift,
	Date-Modified = {2014-05-06 08:56:03 +0000},
	Title = {OpenShift},
	Url = {http://openshift.redhat.com},
	Bdsk-Url-1 = {https://www.openshift.com/}}

@webpage{Cloudfoundry,
	Date-Added = {2014-01-22 11:20:13 +0000},
	Date-Modified = {2014-05-06 08:58:17 +0000},
	Title = {Cloudfoundry},
	Url = {http://www.cloudfoundry.com/},
	Bdsk-Url-1 = {http://www.cloudfoundry.com/}}

@article{mirroring-cost,
	Author = {Dian Schaffhauser},
	Date-Added = {2013-10-31 14:58:00 +0000},
	Date-Modified = {2013-10-31 14:59:07 +0000},
	Journal = {Computerworld},
	Title = {The VA's Computer Systems Meltdown: What Happened and Why?},
	Year = {November 20, 2007}}

@webpage{aws_revenue,
	Date-Modified = {2014-05-06 08:58:26 +0000},
	Url = {http://www.crn.com/news/applications-os/226500204/amazon-cloud-revenue-could-exceed-500million-in-2010-report.htm;sessionid=6qcAPhELp1er9Vy-CZZSqQ**.ecappj02},
	Bdsk-Url-1 = {http://www.crn.com/news/applications-os/226500204/amazon-cloud-revenue-could-exceed-500million-in-2010-report.htm;sessionid=6qcAPhELp1er9Vy-CZZSqQ**.ecappj02}}

@patent{BACKUP_PATENT:SAP,
	Abstract = {A device for the treatment of hiccups, and more specifically, to a method and apparatus for the treatment of hiccups involving galvanic stimulation of the Superficial Phrenetic and Vagus nerves using an electric current.},
	Author = {Ivan Schreter},
	Day = {13},
	Dayfiled = {14},
	Filing_Num = {10684114},
	Ipc_Class = {A61N 1/04},
	Location = {US},
	Month = {06},
	Monthfiled = {10},
	Number = {US 7062320},
	Pat_Refs = {US 408607 A (Aug, 1889) Flint 607/134; US 4210141 A (Jul, 1980) Brockman et al. 604/78},
	Title = {Consistent backup of a distributed database system},
	Type = {Patent},
	Url = {http://www.patentlens.net/patentlens/patent/US_7062320/},
	Us_Class = {607 2},
	Year = {2006},
	Yearfiled = {2003},
	Bdsk-Url-1 = {http://www.patentlens.net/patentlens/patent/US_7062320/}}

@article{DowntimeArticle,
	Author = {Sweeney, Terry},
	Journal = {InternetWeek},
	Month = {April},
	Number = {807},
	Title = {No Time For DOWNTIME -- IT managers feel the heat to prevent outages that can cost millions of dollars},
	Year = 2000}

@phdthesis{brown2003,
	Author = {Brown, Aaron Baeten},
	Date-Modified = {2013-10-18 15:54:57 +0000},
	School = {UNIVERSITY OF CALIFORNIA},
	Title = {A recovery-oriented approach to dependable services: Repairing past errors with system-wide undo},
	Year = {2003}}

@webpage{GoogleAppEngine,
	Date-Added = {2013-09-12 19:48:16 +0000},
	Date-Modified = {2014-05-06 08:57:34 +0000},
	Title = {Google App Engine},
	Url = {https://developers.google.com/appengine/},
	Bdsk-Url-1 = {https://developers.google.com/appengine/}}

@book{TransactionProcessing,
	Author = {Jim, Gray, and Reuter Andreus},
	Date-Added = {2013-10-06 14:05:41 +0000},
	Date-Modified = {2013-10-06 14:08:04 +0000},
	Publisher = {San Francisco: Morgan Kaufmann},
	Title = {Transactions Processing: Concepts and Techniques},
	Year = {1993}}

@book{HumanError,
	Author = {James Reason},
	Date-Added = {2013-10-06 11:32:41 +0000},
	Date-Modified = {2013-10-06 11:33:19 +0000},
	Publisher = {Cambridge University Press},
	Title = {Human Error},
	Year = {1990}}

@article{VerizonReport,
	Author = {Team, Verizon RISK},
	File = {:Users/darionascimento/varios/Pappers/Team/Verizon, DBJR/Team - 2013 - 2013 Data Breach Investigations Report.pdf:pdf},
	Journal = {Verizon, DBJR},
	Title = {{2013 Data Breach Investigations Report}},
	Url = {http://scholar.google.com/scholar?hl=en\&btnG=Search\&q=intitle:2013+Data+Breach+Investigations+report\#0},
	Year = {2013},
	Bdsk-Url-1 = {http://scholar.google.com/scholar?hl=en%5C&btnG=Search%5C&q=intitle:2013+Data+Breach+Investigations+report%5C#0}}

@article{Gens2013,
	Author = {Gens, Frank},
	Date-Modified = {2013-10-18 15:55:32 +0000},
	Journal = {IDC},
	Number = {November 2012},
	Title = {TOP 10 PREDICTIONS IDC Predictions 2013 : Competing on the 3rd Platform},
	Year = {2013}}

@article{GoogleDown,
	Author = {WINGFIELD, NICK},
	Journal = {New York Times},
	Number = {August 19},
	Title = {Web Site Down? How Dare You!},
	Year = {2013}}

@techreport{CostDataBreach,
	Author = {Institute, Ponemon},
	Institution = {Institute, Ponemon},
	Number = {May},
	Title = {2013 Cost of Data Breach Study : Global Analysis Benchmark research},
	Year = {2013}}

@webpage{Heroku,
	Date-Modified = {2014-05-06 08:58:42 +0000},
	Title = {Heroku},
	Url = {https://www.heroku.com/},
	Bdsk-Url-1 = {https://www.heroku.com/}}

@webpage{tomcat,
	Date-Added = {2014-05-23 12:44:59 +0000},
	Date-Modified = {2014-05-23 12:45:42 +0000},
	Title = {Apache Tomcat},
	Url = {http://tomcat.apache.org/}}

@webpage{mysql,
	Date-Added = {2014-05-23 12:44:59 +0000},
	Date-Modified = {2014-05-23 12:45:42 +0000},
	Title = {MySQL},
	Url = {http://www.mysql.com/}}