@IEEEtranBSTCTL{IEEEexample:BSTcontrol,
CTLuse_article_number = "yes",
CTLuse_paper = "yes",
CTLuse_forced_etal = "no",
CTLmax_names_forced_etal = "10",
CTLnames_show_etal = "1",
CTLuse_alt_spacing = "yes",
CTLalt_stretch_factor = "4",
CTLdash_repeated_names = "yes",
CTLname_format_string = "{f.˜}{vv˜}{ll}{, jj}",
CTLname_latex_cmd = ""
CTLname_url_prefix = "[Online]"
}

@article{Vaquero2008,
	title={A break in the clouds: towards a cloud definition},
	author={Vaquero, Luis M and Rodero-Merino, Luis and Caceres, Juan and Lindner, Maik},
	journal={ACM SIGCOMM Computer Communication Review},
	volume={39},
	number={1},
	pages={50--55},
	year={2008},
	publisher={ACM}
}

@article{Vaquero2011,
	Author = {Vaquero, Luis M and Rodero-Merino, Luis and Buyya, Rajkumar},
	Journal = {ACM SIGCOMM Computer Communication Review},
	Number = {1},
	Pages = {45-52},
	Title = {Dynamically scaling applications in the cloud},
	Volume = {41},
	Year = {2011}}

@article{Armbrust,
	Title = {A view of cloud computing},
	Author = {Armbrust, M. and Fox, A. and Griffith, R. and Joseph, A. D. and Katz, R. H. and Konwinski, A. and Lee, G. and Patterson, D. A. and Rabkin, A. and Stoica, I. and Zaharia, M.},
	Journal = {cacm},
	Month = {apr},
	Number = {4},
	Pages = {50--58},
	Volume = {53},
	Year = {2010}}


@article{Mell,
	Author = {Mell, Peter and Grance, Timothy},
	Journal = {National Institute of Standards and Technology},
	Title = {The {NIST} Definition of Cloud Computing},
	Year = {2011}}

@inproceedings{Lenk2009,
	title={What's inside the Cloud? An architectural map of the Cloud landscape},
	author={Lenk, Alexander and Klems, Markus and Nimis, Jens and Tai, Stefan and Sandholm, Thomas},
	booktitle={Proc. of the 2009 ICSE Workshop on Software Engineering Challenges of Cloud Computing},
	pages={23--31},
	year={2009},
	organization={IEEE}}


@article{Armbrust2009,
	title={{Above the clouds: A Berkeley view of cloud computing}},
	author={Fox, Armando and Griffith, Rean and Joseph, A and Katz, R and Konwinski, Andrew and Lee, Gunho and Patterson, D and Rabkin, Ariel and Stoica, Ion},
	journal={University of California, Berkeley},
	volume={28},
	pages={13},
	year={2009}}


@incollection{Appscale,
	title={Appscale: Scalable and open appengine application development and deployment},
	author={Chohan, Navraj and Bunch, Chris and Pang, Sydney and Krintz, Chandra and Mostafa, Nagy and Soman, Sunil and Wolski, Rich},
	booktitle={Cloud Computing},
	pages={57--70},
	year={2010},
	publisher={Springer}}

@inproceedings{Patterson2002a,
	Author = {Patterson, DA},
	Booktitle = {Large Installation System Administration (LISA) conference},
	Pages = {1-4},
	Title = {A Simple Way to Estimate the Cost of Downtime.},
	Volume = {2},
	Year = {2002}}

@article{McAllister:14,
	Author = {Neil McAllister},
	Journal = {The Register},
	Month = {Jun},
	Title = {Code Spaces goes titsup FOREVER after attacker NUKES its Amazon-hosted data},
	Year = {2014},
	Url = {http://www.theregister.co.uk/2014/06/18/code_spaces_destroyed}}

@article{Williams2013,
	Author = {Williams, J and Wichers, D},
	Journal = {Open Web Application Security Project (OWASP) Foundation, April},
	Title = {{OWASP} Top 10 -- 2013},
	Year = {2013}}

@article{Hubbard2010,
	Author = {Hubbard, D and Sutton, M},
	Journal = {Cloud Security Alliance},
	Title = {Top Threats to Cloud Computing},
	Year = {March 2010}}


@article{Charette2005,
	Author = {Charette, Robert N},
	Journal = {IEEE Spectrum},
	Number = {September 2005},
	Pages = {42-49},
	Publisher = {IEEE},
	Title = {Why software fails},
	Volume = {42},
	Year = {2005}}

@misc{Sidhpurwala:14,
	Author = {Huzaifa Sidhpurwala},
	Month = {September},
	Title = {Bash specially-crafted environment variables code injection attack},
	Year = {2014}}

@article{Castro2002,
	title={Practical Byzantine fault tolerance and proactive recovery},
	author={Castro, Miguel and Liskov, Barbara},
	journal={ACM Transactions on Computer Systems (TOCS)},
	volume={20},
	number={4},
	pages={398--461},
	year={2002},
	publisher={ACM}}

@article{Verissimo2003,
	Author = {Ver\'{\i}ssimo, PE and Neves, NF and Correia, MP},
	Journal = {Architecting Dependable Systems},
	Pages = {3-36},
	Publisher = {Springer},
	Title = {Intrusion-tolerant architectures: Concepts and design},
	Year = {2003}}



@incollection{Gupta:03,
	title={Dependability and performance evaluation of intrusion-tolerant server architectures},
	author={Gupta, Vishu and Lam, Vinh and Ramasamy, HariGovind V and Sanders, William H and Singh, Sankalp},
	booktitle={Dependable Computing},
	pages={81--101},
	year={2003},
	publisher={Springer}}


@inproceedings{Brown2001,
	title={To err is human},
	author={Brown, Aaron and Patterson, David A},
	booktitle={Proc. of the 1st Workshop on EASY},
	year={2001}}

@inproceedings{taser,
	title={The taser intrusion recovery system},
	author={Goel, Ashvin and Po, Kenneth and Farhadi, Kamran and Li, Zheng and De Lara, Eyal},
	booktitle={ACM SIGOPS Operating Systems Review},
	volume={39},
	number={5},
	pages={163--176},
	year={2005},
	organization={ACM}}

@inproceedings{retro,
	Author = {Kim, Taesoo and Wang, Xi and Zeldovich, Nickolai and Kaashoek, M Frans},
	Journal = {Proc. of the 9th Symposium on Operating Systems Design and Implementation (OSDI ’10)},
	Pages = {1-9},
	Month = {Oct},
	Publisher = {USENIX},
	Title = {Intrusion recovery using selective re-execution},
	Year = {2010}}

@article{itdb,
	title={The design and implementation of a self-healing database system},
	author={Liu, Peng and Jing, Jiwu and Luenam, Pramote and Wang, Ying and Li, Lunquan and Ingsriswang, Supawadee},
	journal={Journal of Intelligent Information Systems},
	volume={23},
	number={3},
	pages={247--269},
	year={2004},
	publisher={Springer}}


@inproceedings{phoenix,
	title={Design, implementation, and evaluation of a repairable database management system},
	author={Chiueh, Tzi-cker and Pilania, Dhruv},
	booktitle={Proc. of the 21st International Conference on Data Engineering (ICDE)},
	pages={1024--1035},
	year={2005},
	organization={IEEE}}

@inproceedings{goel,
	Author = {Akkus, IE and Goel, Ashvin},
	Booktitle = {IEEE/IFIP International Conference on Dependable Systems and Networks (DSN)},
	Month = jun,
	Pages = {81-90},
	Publisher = {IEEE},
	Title = {Data recovery for web applications},
	Year = {2010}}

@inproceedings{warp,
	title={Intrusion recovery for database-backed web applications},
	author={Chandra, Ramesh and Kim, Taesoo and Shah, Meelap and Narula, Neha and Zeldovich, Nickolai},
	booktitle={Proc. of the 23rd ACM Symposium on Operating Systems Principles},
	pages={101--114},
	year={2011},
	organization={ACM}}

@inproceedings{aire,
	title={Asynchronous intrusion recovery for interconnected web services},
	author={Chandra, Ramesh and Kim, Taesoo and Zeldovich, Nickolai},
	booktitle={Proc. of the 24th ACM Symposium on Operating Systems Principles},
	pages={213--227},
	year={2013},
	organization={ACM}} 

@inproceedings{undoForOperators,
	title={Undo for Operators: Building an Undoable E-mail Store.},
	author={Brown, Aaron B and Patterson, David A},
	booktitle={USENIX Annual Technical Conference (ATC), General Track},
	pages={1--14},
	year={2003}}

@article{Aviz,
	title={Basic concepts and taxonomy of dependable and secure computing},
	author={Avizienis, Algirdas and Laprie, J-C and Randell, Brian and Landwehr, Carl},
	journal={IEEE Transactions on Dependable and Secure Computing},
	volume={1},
	number={1},
	pages={11--33},
	year={2004},
	publisher={IEEE}}

@article{Landwehr1992,
	title={A taxonomy of computer program security flaws},
	author={Landwehr, Carl E and Bull, Alan R and McDermott, John P and Choi, William S},
	journal={ACM Computing Surveys (CSUR)},
	volume={26},
	number={3},
	pages={211--254},
	year={1994},
	publisher={ACM}}

@incollection{Powell1992,
	title={Failure mode assumptions and assumption coverage},
	author={Powell, David},
	booktitle={Predictably Dependable Computing Systems},
	pages={123--140},
	year={1995},
	publisher={Springer}}


@article{Ammann2002,
	title={Recovery from malicious transactions},
	author={Ammann, Paul and Jajodia, Sushil and Liu, Peng},
	journal={Knowledge and Data Engineering, IEEE Transactions on},
	volume={14},
	number={5},
	pages={1167--1185},
	year={2002},
	publisher={IEEE}}



@incollection{Stavridou2001a,
	title={Intrusion-tolerant architectures: Concepts and design},
	author={Ver{\'\i}ssimo, Paulo Esteves and Neves, Nuno Ferreira and Correia, Miguel Pupo},
	booktitle={Architecting Dependable Systems},
	pages={3--36},
	year={2003},
	publisher={Springer}}


@article{Schneider1990,
	title={Implementing fault-tolerant services using the state machine approach: A tutorial},
	author={Schneider, Fred B},
	journal={ACM Computing Surveys (CSUR)},
	volume={22},
	number={4},
	pages={299--319},
	year={1990},
	publisher={ACM}}


@article{Veronese2011,
Author = {G. S. Veronese and M. Correia and A. N. Bessani and L. C. and P. Verissimo},
Journal = {IEEE Transactions on Computers},
Number = 1,
Pages = {16--30},
Title = {Efficient {Byzantine} Fault Tolerance},
Volume = 62,
Year = 2013}

@inproceedings{Candea2001,
	title={Recursive restartability: Turning the reboot sledgehammer into a scalpel},
	author={Candea, George and Fox, Armando},
	booktitle={Proc. of the 8th Workshop on Hot Topics in Operating Systems},
	pages={125--130},
	year={2001},
	organization={IEEE}}


@article{Sousa2010,
	title={Highly available intrusion-tolerant services with proactive-reactive recovery},
	author={Sousa, Paulo and Bessani, Alysson Neves and Correia, Miguel and Neves, Nuno Ferreira and Verissimo, Paulo},
	journal={ IEEE Transactions on Parallel and Distributed Systems},
	volume={21},
	number={4},
	pages={452--465},
	year={2010},
	publisher={IEEE}}


@inproceedings{cloud-disaster,
 title={Disaster recovery as a cloud service: Economic benefits \& deployment challenges},
  author={Wood, Timothy and Cecchet, Emmanuel and Ramakrishnan, KK and Shenoy, Prashant and Van Der Merwe, Jacobus and Venkataramani, Arun},
  booktitle={2nd USENIX Workshop on Hot Topics in Cloud Computing},
  pages={1--7},
  year={2010}}


@article{Mell2005,
	title={Creating a patch and vulnerability management program},
	author={Mell, Peter and Bergeron, Tiffany and Henning, David},
	journal={NIST Special Publication},
	volume={800},
	pages={40},
	year={2005}}}

@inproceedings{Maheshwari2000,
	title={How to build a trusted database system on untrusted storage},
	author={Maheshwari, Umesh and Vingralek, Radek and Shapiro, William},
	booktitle={Proc. of the 4th conference on Symposium on Operating System Design \& Implementation},
	pages={10--10},
	volume={4},
	year={2000},
	organization={USENIX}}


@article{Wang2007,
	title={Evaluating the survivability of Intrusion Tolerant Database systems and the impact of intrusion detection deficiencies},
	author={Wang, Hai and Liu, Peng and Li, Lunquan},
	journal={International Journal of Information and Computer Security},
	volume={1},
	number={3},
	pages={315--340},
	year={2007},
	publisher={Inderscience}}

@inproceedings{Brownc,
	title={{Rewind, repair, replay: three R's to dependability}},
	author={Brown, Aaron B and Patterson, David A},
	booktitle={Proc. of the 10th ACM SIGOPS European workshop},
	pages={70--77},
	year={2002},
	organization={ACM}}


@inproceedings{backtracker,
	title={Backtracking intrusions},
	author={King, Samuel T and Chen, Peter M},
	booktitle={ACM SIGOPS Operating Systems Review},
	volume={37},
	number={5},
	pages={223--236},
	year={2003},
	organization={ACM}}


@inproceedings{bezoar,
	Title = {Bezoar: Automated virtual machine-based full-system recovery from control-flow hijacking attacks},
	Author = {Oliveira, Daniela a. S. De and Crandall, Jedidiah R. and Wassermann, Gary and Ye, Shaozhi and Wu, S. Felix and Su, Zhendong and Chong, Frederic T.},
	Booktitle = {Network Operations and Management Symposium (NOMS)},
	Pages = {121-128},
	Publisher = {IEEE},
	Year = {2008}}


@inproceedings{forensix,
	title={Forensix: A robust, high-performance reconstruction system},
	author={Goel, Ashvin and Feng, W-C and Maier, David and Walpole, Jonathan},
	booktitle={25th IEEE International Conference on Distributed Computing Systems Workshops},
	pages={155--162},
	year={2005},
	organization={IEEE}}

@inproceedings{Shafique2006,
	Author = {Shafique, Fareha and Po, Kenneth and Goel, Ashvin},
	Booktitle = {Proc. of the 2nd Workshop on Hot Topics in System Dependability},
	Title = {Correlating multi-session attacks via replay},
	Year = {2006}}


@inproceedings{dare,
	title={Recovering from intrusions in distributed systems with DARE},
	author={Kim, Taesoo and Chandra, Ramesh and Zeldovich, Nickolai},
	booktitle={Proc. of the Asia-Pacific Workshop on Systems},
	pages={10},
	year={2012},
	organization={ACM}}

@inproceedings{rfs,
	title={Design, implementation, and evaluation of repairable file service},
	author={Zhu, Ningning and Chiueh, Tzi-cker},
	booktitle={43rd IEEE/IFIP International Conference on Dependable Systems and Networks (DSN)},
	pages={217--217},
	year={2013},
	organization={IEEE Computer Society}}

@inproceedings{Oliveira2006,
	title={{ExecRecorder: VM-based full-system replay for attack analysis and system recovery}},
	author={de Oliveira, Daniela AS and Crandall, Jedidiah R and Wassermann, Gary and Wu, S Felix and Su, Zhendong and Chong, Frederic T},
	booktitle={Proc. of the 1st workshop on Architectural and system support for improving software dependability},
	pages={66--71},
	year={2006},
	organization={ACM}}


@inproceedings{Xie2008,
	Author = {Xie, Meiyi and Zhu, Hong and Feng, Yucai and Hu, Guanrong},
	Booktitle = {Frontier of Computer Science and Technology (FCST)},
	Title = {Tracking and repairing damaged databases using before image table},
	Year = {2008}}


@inproceedings{Yu2003,
	title={Multi-version attack recovery for workflow systems},
	author={Yu, Meng and Liu, Peng and Zang, Wanyu},
	booktitle={Proc. of the 19th Computer Security Applications Conference},
	pages={142--150},
	year={2003},
	organization={IEEE}}


@inproceedings{poirot,
	title={Efficient Patch-based Auditing for Web Application Vulnerabilities.},
	author={Kim, Taesoo and Chandra, Ramesh and Zeldovich, Nickolai},
	booktitle={Proc. of the 10th USENIX conference on Operating Systems Design and Implementation (OSDI)},
	pages={193--206},
	year={2012},
	organization={USENIX}}


@inproceedings{Wang2011,
	title={Retroactive auditing},
	author={Wang, Xi and Zeldovich, Nickolai and Kaashoek, M Frans},
	booktitle={Proc. of the 2nd Asia-Pacific Workshop on Systems},
	pages={9},
	year={2011},
	organization={ACM}}

@inproceedings{Decandia2007,
	title={Dynamo: amazon's highly available key-value store},
	author={DeCandia, Giuseppe and Hastorun, Deniz and Jampani, Madan and Kakulapati, Gunavardhan and Lakshman, Avinash and Pilchin, Alex and Sivasubramanian, Swaminathan and Vosshall, Peter and Vogels, Werner},
	booktitle={ACM SIGOPS Operating Systems Review},
	volume={41},
	number={6},
	pages={205--220},
	year={2007},
	organization={ACM}}


@article{Vogels2009,
	title={Eventually consistent},
	author={Vogels, Werner},
	journal={Communications of the ACM},
	volume={52},
	number={1},
	pages={40--44},
	year={2009},
	publisher={ACM}}

@book{git,
	title={Pro git},
	author={Chacon, Scott},
	year={2009},
	publisher={Apress}}


@inproceedings{Menage2007,
	title={Adding generic process containers to the linux kernel},
	author={Menage, Paul B},
	booktitle={Proc. of the Linux Symposium},
	volume={2},
	pages={45--57},
	year={2007}}


@article{global-checkpoint,
	title={Necessary and sufficient conditions for transaction-consistent global checkpoints in a distributed database system},
	author={Wu, Jiang and Manivannan, D and Thuraisingham, Bhavani},
	journal={Information Sciences},
	volume={179},
	number={20},
	pages={3659--3672},
	year={2009},
	publisher={Elsevier}}


@article{checkpoint-survey,
	title={A survey of distributed database checkpointing},
	author={Lin, Jun-Lin and Dunham, Margaret H},
	journal={Distributed and Parallel Databases},
	volume={5},
	number={3},
	pages={289--319},
	year={1997},
	publisher={Springer}}

@inproceedings{kim_checkpoint, 
	title={An efficient recovery scheme for locking-based distributed database systems},
	author={Kim, Junguk L and Park, Taesoon},
	booktitle={Proc. of the 13th Symposium on Reliable Distributed Systems},
	pages={116--125},
	year={1994},
	organization={IEEE}}

@article{Wang2010,
	title={Log-based middleware server recovery with transaction support},
	author={Wang, Rui and Salzberg, Betty and Lomet, David},
	journal={The VLDB Journal},
	volume={20},
	number={3},
	pages={347--370},
	year={2011},
	publisher={Springer}}


@book{Brown_spheres,
	title={Toward System-Wide Undo for Distributed Services},
	author={Brown, Aaron Baeten},
	year={2003},
	publisher={Computer Science Division, University of California}}


@article{actors,
   title={Artificial Intelligence A Universal Modular ACTOR Formalism for Artificial Intelligence},
   author={Hewitt, Carl and Bishop, Peter and Steiger, Richard},
   year={1973},
   publisher={Citeseer}}



@article{brewer2012cap,
	title={CAP twelve years later: How the rules have changed},
	author={Brewer, Eric},
	journal={Computer},
	volume={45},
	number={2},
	pages={23--29},
	year={2012},
	publisher={IEEE}}

@article{Chang2008,
	title={Bigtable: A distributed storage system for structured data},
	author={Chang, Fay and Dean, Jeffrey and Ghemawat, Sanjay and Hsieh, Wilson C and Wallach, Deborah A and Burrows, Mike and Chandra, Tushar and Fikes, Andrew and Gruber, Robert E},
	journal={ACM Transactions on Computer Systems (TOCS)},
	volume={26},
	number={2},
	pages={4},
	year={2008},
	publisher={ACM}}

@inproceedings{Kreps,
	title={Serving large-scale batch computed data with project voldemort},
	author={Sumbaly, Roshan and Kreps, Jay and Gao, Lei and Feinberg, Alex and Soman, Chinmay and Shah, Sam},
	booktitle={Proc. of the 10th USENIX conference on File and Storage Technologies},
	pages={18--18},
	year={2012},
	organization={USENIX}}

@article{Lakshman2010a,
	title={Cassandra: a decentralized structured storage system},
	author={Lakshman, Avinash and Malik, Prashant},
	journal={ACM SIGOPS Operating Systems Review},
	volume={44},
	number={2},
	pages={35--40},
	year={2010},
	publisher={ACM}}			


@article{mapreduce,
	title={MapReduce: simplified data processing on large clusters},
	author={Dean, Jeffrey and Ghemawat, Sanjay},
	journal={Communications of the ACM},
	volume={51},
	number={1},
	pages={107--113},
	year={2008},
	publisher={ACM}}


@misc{opensoft,
	author = {Sousa, Mariana},
	month = {August, 8},
	year = {2013},
	howpublished = {(OpenSoft) personal communication}}


@inproceedings{ycsb,
	title={{Benchmarking cloud serving systems with YCSB}},
	author={Cooper, Brian F and Silberstein, Adam and Tam, Erwin and Ramakrishnan, Raghu and Sears, Russell},
	booktitle={Proc. of the 1st ACM symposium on Cloud computing},
	pages={143--154},
	year={2010},
	organization={ACM}} 

@inproceedings{omega,
	 author = {Schwarzkopf, Malte and Konwinski, Andy and Abd-El-Malek, Michael and Wilkes, John},
	 title = {Omega: Flexible, Scalable Schedulers for Large Compute Clusters},
	 booktitle = {Proc. of the 8th ACM European Conference on Computer Systems},
	 series = {EuroSys},
	 year = {2013},
	 pages = {351--364},
	 publisher = {ACM}} 

